@article{Leite87,
  author = "Julio Cesar S P Leite",
  title = "A Survey on Requirements Analysis",
  year= "1987"
}
